\usepackage{hyperref}
@article{apertium,
	  title = {Apertium},
       note = {\href{https://github.com/apertium}{https://github.com/apertium}}
        }


@article{kit,
author={Benson Kituku, Lawrence Muchemi, Wanjiku Nganga},
title={A Review on Machine Translation Approaches},
journal={Indonesian Journal of Electrical Engineering and Computer Science},
volume={1},
year=2016,
pages={182-190}
}

@article{genzel,
author={Dmitriy Genzel, Jakob Uszkoreit and Franz Och},
title={“Poetic” Statistical Machine Translation: Rhyme and Meter},
journal={Conference on Empirical Methods in Natural Language Processing},
year=2010,
pages={158-166}
}

@article{xuan,
author={H. W. Xuan, W. Li, G. Y. Tang},
title={An Advanced Review of Hybrid Machine Translation (HMT)},
journal={International Workshop on Information and Electronics Engineering (IWIEE)},
year=2012,
pages={3017-3022}
} 

@article{NMTtut,
	  title = {Seq2Seq Tutorial},
       note = {\href{https://github.com/tensorflow/nmt}{https://github.com/tensorflow/nmt}}
        }

@article{goog,
	  title = {Google Neural Machine Translation},
       note = {\href{https://ai.googleblog.com/2016/09/a-neural-network-for-machine.html}{https://ai.googleblog.com/2016/09/a-neural-network-for-machine.html}}
        }        
        